Index,InstrumentName,Timestamp,UTCdate,Volume,Ask.c,Ask.h,Ask.o,Ask.l,Bid.c,Bid.h,Bid.o,Bid.l,Mid.c,Mid.h,Mid.o,Mid.l,
1,EUR_GBP,1499833935.0,2017-07-12 04:32:15,1,0.89306,0.89306,0.89306,0.89306,0.89314,0.89314,0.89314,0.89314,0.89299,0.89299,0.89299,0.89299,
2,EUR_GBP,1499833940.0,2017-07-12 04:32:20,1,0.89306,0.89308,0.89306,0.89308,0.89314,0.89317,0.89314,0.89317,0.89299,0.893,0.89299,0.893,
3,EUR_GBP,1499833950.0,2017-07-12 04:32:30,1,0.89308,0.89308,0.89306,0.89306,0.89317,0.89317,0.89315,0.89315,0.893,0.893,0.89298,0.89298,
4,EUR_GBP,1499833960.0,2017-07-12 04:32:40,3,0.89306,0.89308,0.89306,0.89308,0.89315,0.89317,0.89315,0.89317,0.89298,0.893,0.89298,0.893,
5,EUR_GBP,1499833970.0,2017-07-12 04:32:50,4,0.89308,0.89308,0.893,0.893,0.89317,0.89317,0.89309,0.89309,0.893,0.893,0.89291,0.89291,
6,EUR_GBP,1499833975.0,2017-07-12 04:32:55,1,0.893,0.893,0.89298,0.89298,0.89309,0.89309,0.89307,0.89307,0.89291,0.89291,0.89289,0.89289,
7,EUR_GBP,1499834000.0,2017-07-12 04:33:20,2,0.89298,0.89298,0.89294,0.89294,0.89307,0.89307,0.89303,0.89303,0.89289,0.89289,0.89284,0.89284,
8,EUR_GBP,1499834005.0,2017-07-12 04:33:25,1,0.89294,0.89294,0.89291,0.89291,0.89303,0.89303,0.89299,0.89299,0.89284,0.89284,0.89284,0.89284,
9,EUR_GBP,1499834010.0,2017-07-12 04:33:30,1,0.89291,0.89291,0.89289,0.89289,0.89299,0.89299,0.89298,0.89298,0.89284,0.89284,0.8928,0.8928,
10,EUR_GBP,1499834015.0,2017-07-12 04:33:35,2,0.89289,0.89294,0.89289,0.89294,0.89298,0.89303,0.89298,0.89303,0.8928,0.89284,0.8928,0.89284,
11,EUR_GBP,1499834020.0,2017-07-12 04:33:40,2,0.89294,0.89298,0.89294,0.89298,0.89303,0.89309,0.89303,0.89309,0.89284,0.89288,0.89284,0.89288,
12,EUR_GBP,1499834060.0,2017-07-12 04:34:20,1,0.89298,0.893,0.89298,0.893,0.89309,0.89309,0.89309,0.89309,0.89288,0.89292,0.89288,0.89292,
13,EUR_GBP,1499834070.0,2017-07-12 04:34:30,3,0.893,0.89308,0.893,0.89308,0.89309,0.89317,0.89309,0.89317,0.89292,0.89298,0.89292,0.89298,
14,EUR_GBP,1499834075.0,2017-07-12 04:34:35,1,0.89308,0.8931,0.89308,0.8931,0.89317,0.8932,0.89317,0.8932,0.89298,0.89301,0.89298,0.89301,
15,EUR_GBP,1499834100.0,2017-07-12 04:35:00,1,0.8931,0.89314,0.8931,0.89314,0.8932,0.89323,0.8932,0.89323,0.89301,0.89304,0.89301,0.89304,
16,EUR_GBP,1499834115.0,2017-07-12 04:35:15,2,0.89314,0.89314,0.89309,0.89309,0.89323,0.89323,0.89318,0.89318,0.89304,0.89304,0.89301,0.89301,
17,EUR_GBP,1499834135.0,2017-07-12 04:35:35,1,0.89309,0.89311,0.89309,0.89311,0.89318,0.89321,0.89318,0.89321,0.89301,0.89302,0.89301,0.89302,
18,EUR_GBP,1499834155.0,2017-07-12 04:35:55,1,0.89311,0.89314,0.89311,0.89314,0.89321,0.89322,0.89321,0.89322,0.89302,0.89305,0.89302,0.89305,
19,EUR_GBP,1499834180.0,2017-07-12 04:36:20,2,0.89314,0.89318,0.89314,0.89318,0.89322,0.89327,0.89322,0.89327,0.89305,0.8931,0.89305,0.8931,
20,EUR_GBP,1499834185.0,2017-07-12 04:36:25,2,0.89318,0.89318,0.89314,0.89314,0.89327,0.89327,0.89323,0.89323,0.8931,0.8931,0.89306,0.89306,
21,EUR_GBP,1499834210.0,2017-07-12 04:36:50,1,0.89314,0.89314,0.89312,0.89312,0.89323,0.89323,0.89321,0.89321,0.89306,0.89306,0.89304,0.89304,
22,EUR_GBP,1499834230.0,2017-07-12 04:37:10,2,0.89312,0.89317,0.89312,0.89317,0.89321,0.89326,0.89321,0.89326,0.89304,0.89308,0.89304,0.89308,
23,EUR_GBP,1499834240.0,2017-07-12 04:37:20,3,0.89317,0.89324,0.89317,0.89324,0.89326,0.89333,0.89326,0.89333,0.89308,0.89315,0.89308,0.89315,
24,EUR_GBP,1499834250.0,2017-07-12 04:37:30,1,0.89324,0.89324,0.89322,0.89322,0.89333,0.89333,0.89331,0.89331,0.89315,0.89315,0.89313,0.89313,
25,EUR_GBP,1499834265.0,2017-07-12 04:37:45,1,0.89322,0.89324,0.89322,0.89324,0.89331,0.89332,0.89331,0.89332,0.89313,0.89316,0.89313,0.89316,
26,EUR_GBP,1499834270.0,2017-07-12 04:37:50,3,0.89324,0.89326,0.89324,0.89326,0.89332,0.89336,0.89332,0.89336,0.89316,0.89317,0.89316,0.89317,
27,EUR_GBP,1499834280.0,2017-07-12 04:38:00,1,0.89326,0.89329,0.89326,0.89329,0.89336,0.89337,0.89336,0.89337,0.89317,0.89321,0.89317,0.89321,
28,EUR_GBP,1499834285.0,2017-07-12 04:38:05,1,0.89329,0.89329,0.89326,0.89326,0.89337,0.89337,0.89335,0.89335,0.89321,0.89321,0.89318,0.89318,
29,EUR_GBP,1499834290.0,2017-07-12 04:38:10,1,0.89326,0.89328,0.89326,0.89328,0.89335,0.89337,0.89335,0.89337,0.89318,0.8932,0.89318,0.8932,
30,EUR_GBP,1499834295.0,2017-07-12 04:38:15,2,0.89328,0.89332,0.89328,0.89332,0.89337,0.89341,0.89337,0.89341,0.8932,0.89324,0.8932,0.89324,
31,EUR_GBP,1499834300.0,2017-07-12 04:38:20,3,0.89332,0.89334,0.89332,0.89334,0.89341,0.89343,0.89341,0.89343,0.89324,0.89326,0.89323,0.89326,
32,EUR_GBP,1499834305.0,2017-07-12 04:38:25,1,0.89334,0.89334,0.89332,0.89332,0.89343,0.89343,0.89341,0.89341,0.89326,0.89326,0.89324,0.89324,
33,EUR_GBP,1499834310.0,2017-07-12 04:38:30,1,0.89332,0.89332,0.8933,0.8933,0.89341,0.89341,0.8934,0.8934,0.89324,0.89324,0.89321,0.89321,
34,EUR_GBP,1499834315.0,2017-07-12 04:38:35,2,0.8933,0.89335,0.8933,0.89335,0.8934,0.89344,0.8934,0.89344,0.89321,0.89326,0.89321,0.89326,
35,EUR_GBP,1499834325.0,2017-07-12 04:38:45,1,0.89335,0.89335,0.89333,0.89333,0.89344,0.89344,0.89342,0.89342,0.89326,0.89326,0.89324,0.89324,
36,EUR_GBP,1499834350.0,2017-07-12 04:39:10,3,0.89333,0.89338,0.89333,0.89336,0.89342,0.89346,0.89342,0.89344,0.89324,0.8933,0.89324,0.89327,
37,EUR_GBP,1499834355.0,2017-07-12 04:39:15,6,0.89336,0.89349,0.89336,0.89349,0.89344,0.89357,0.89344,0.89357,0.89327,0.89341,0.89327,0.89341,
38,EUR_GBP,1499834360.0,2017-07-12 04:39:20,2,0.89349,0.89353,0.89349,0.89353,0.89357,0.89363,0.89357,0.89363,0.89341,0.89344,0.89341,0.89344,
39,EUR_GBP,1499834375.0,2017-07-12 04:39:35,1,0.89353,0.89355,0.89353,0.89355,0.89363,0.89364,0.89363,0.89364,0.89344,0.89347,0.89344,0.89347,
40,EUR_GBP,1499834390.0,2017-07-12 04:39:50,1,0.89355,0.89358,0.89355,0.89358,0.89364,0.89365,0.89364,0.89365,0.89347,0.8935,0.89347,0.8935,
41,EUR_GBP,1499834405.0,2017-07-12 04:40:05,1,0.89358,0.89358,0.89355,0.89355,0.89365,0.89365,0.89363,0.89363,0.8935,0.8935,0.89347,0.89347,
42,EUR_GBP,1499834445.0,2017-07-12 04:40:45,1,0.89355,0.89355,0.89352,0.89352,0.89363,0.89363,0.89361,0.89361,0.89347,0.89347,0.89344,0.89344,
43,EUR_GBP,1499834450.0,2017-07-12 04:40:50,1,0.89352,0.89352,0.8935,0.8935,0.89361,0.89361,0.89358,0.89358,0.89344,0.89344,0.89343,0.89343,
44,EUR_GBP,1499834455.0,2017-07-12 04:40:55,2,0.8935,0.8935,0.89348,0.89348,0.89358,0.89358,0.89356,0.89356,0.89343,0.89343,0.8934,0.8934,
45,EUR_GBP,1499834460.0,2017-07-12 04:41:00,1,0.89348,0.89348,0.89348,0.89348,0.89356,0.89356,0.89356,0.89356,0.8934,0.8934,0.8934,0.8934,
46,EUR_GBP,1499834495.0,2017-07-12 04:41:35,3,0.89348,0.8935,0.89348,0.8935,0.89356,0.8936,0.89356,0.89359,0.8934,0.89342,0.8934,0.89342,
47,EUR_GBP,1499834525.0,2017-07-12 04:42:05,1,0.8935,0.89353,0.8935,0.89353,0.89359,0.89363,0.89359,0.89363,0.89342,0.89344,0.89342,0.89344,
48,EUR_GBP,1499834530.0,2017-07-12 04:42:10,1,0.89353,0.89353,0.89351,0.89351,0.89363,0.89363,0.8936,0.8936,0.89344,0.89344,0.89343,0.89343,
49,EUR_GBP,1499834535.0,2017-07-12 04:42:15,1,0.89351,0.89354,0.89351,0.89354,0.8936,0.89362,0.8936,0.89362,0.89343,0.89346,0.89343,0.89346,
50,EUR_GBP,1499834540.0,2017-07-12 04:42:20,3,0.89354,0.89354,0.8935,0.89352,0.89362,0.89362,0.89358,0.89362,0.89346,0.89346,0.89342,0.89343,
51,EUR_GBP,1499834565.0,2017-07-12 04:42:45,5,0.89352,0.89358,0.89352,0.89358,0.89362,0.89368,0.89362,0.89366,0.89343,0.89351,0.89343,0.89351,
52,EUR_GBP,1499834570.0,2017-07-12 04:42:50,1,0.89358,0.89361,0.89358,0.89361,0.89366,0.89369,0.89366,0.89369,0.89351,0.89353,0.89351,0.89353,
53,EUR_GBP,1499834585.0,2017-07-12 04:43:05,1,0.89361,0.89361,0.89359,0.89359,0.89369,0.89369,0.89368,0.89368,0.89353,0.89353,0.8935,0.8935,
54,EUR_GBP,1499834590.0,2017-07-12 04:43:10,1,0.89359,0.89361,0.89359,0.89361,0.89368,0.89369,0.89368,0.89369,0.8935,0.89353,0.8935,0.89353,
55,EUR_GBP,1499834595.0,2017-07-12 04:43:15,1,0.89361,0.89361,0.89359,0.89359,0.89369,0.89369,0.89368,0.89368,0.89353,0.89353,0.8935,0.8935,
56,EUR_GBP,1499834600.0,2017-07-12 04:43:20,1,0.89359,0.89361,0.89359,0.89361,0.89368,0.8937,0.89368,0.8937,0.8935,0.89352,0.8935,0.89352,
57,EUR_GBP,1499834605.0,2017-07-12 04:43:25,1,0.89361,0.89361,0.89358,0.89358,0.8937,0.8937,0.89367,0.89367,0.89352,0.89352,0.8935,0.8935,
58,EUR_GBP,1499834620.0,2017-07-12 04:43:40,1,0.89358,0.8936,0.89358,0.8936,0.89367,0.89369,0.89367,0.89369,0.8935,0.89352,0.8935,0.89352,
59,EUR_GBP,1499834635.0,2017-07-12 04:43:55,1,0.8936,0.89362,0.8936,0.89362,0.89369,0.89371,0.89369,0.89371,0.89352,0.89354,0.89352,0.89354,
60,EUR_GBP,1499834640.0,2017-07-12 04:44:00,3,0.89362,0.89362,0.89358,0.89361,0.89371,0.89371,0.89367,0.8937,0.89354,0.89354,0.8935,0.89352,
61,EUR_GBP,1499834645.0,2017-07-12 04:44:05,9,0.89361,0.89375,0.89361,0.89369,0.8937,0.89383,0.8937,0.89377,0.89352,0.89367,0.89352,0.89361,
62,EUR_GBP,1499834650.0,2017-07-12 04:44:10,1,0.89369,0.89369,0.89367,0.89367,0.89377,0.89377,0.89375,0.89375,0.89361,0.89361,0.89359,0.89359,
63,EUR_GBP,1499834655.0,2017-07-12 04:44:15,1,0.89367,0.89369,0.89367,0.89369,0.89375,0.89377,0.89375,0.89377,0.89359,0.89361,0.89359,0.89361,
64,EUR_GBP,1499834665.0,2017-07-12 04:44:25,1,0.89369,0.89371,0.89369,0.89371,0.89377,0.89379,0.89377,0.89379,0.89361,0.89363,0.89361,0.89363,
65,EUR_GBP,1499834670.0,2017-07-12 04:44:30,2,0.89371,0.89373,0.89371,0.89371,0.89379,0.89383,0.89379,0.89381,0.89363,0.89363,0.89361,0.89361,
66,EUR_GBP,1499834675.0,2017-07-12 04:44:35,3,0.89371,0.89377,0.89371,0.89377,0.89381,0.89387,0.89381,0.89387,0.89361,0.89368,0.89361,0.89368,
67,EUR_GBP,1499834700.0,2017-07-12 04:45:00,2,0.89377,0.8938,0.89377,0.89377,0.89387,0.89388,0.89386,0.89386,0.89368,0.89371,0.89368,0.89369,
68,EUR_GBP,1499834705.0,2017-07-12 04:45:05,2,0.89377,0.89382,0.89377,0.89382,0.89386,0.8939,0.89386,0.8939,0.89369,0.89373,0.89369,0.89373,
69,EUR_GBP,1499834720.0,2017-07-12 04:45:20,4,0.89382,0.89382,0.89374,0.89377,0.8939,0.8939,0.89383,0.89385,0.89373,0.89373,0.89366,0.89369,
70,EUR_GBP,1499834725.0,2017-07-12 04:45:25,1,0.89377,0.89377,0.89374,0.89374,0.89385,0.89385,0.89383,0.89383,0.89369,0.89369,0.89366,0.89366,
71,EUR_GBP,1499834735.0,2017-07-12 04:45:35,2,0.89374,0.89374,0.8937,0.8937,0.89383,0.89383,0.89378,0.89378,0.89366,0.89366,0.89362,0.89362,
72,EUR_GBP,1499834740.0,2017-07-12 04:45:40,1,0.8937,0.8937,0.89367,0.89367,0.89378,0.89378,0.89377,0.89377,0.89362,0.89362,0.89358,0.89358,
73,EUR_GBP,1499834755.0,2017-07-12 04:45:55,4,0.89367,0.89376,0.89367,0.89376,0.89377,0.89385,0.89377,0.89385,0.89358,0.89368,0.89358,0.89368,
74,EUR_GBP,1499834775.0,2017-07-12 04:46:15,1,0.89376,0.89376,0.89374,0.89374,0.89385,0.89385,0.89383,0.89383,0.89368,0.89368,0.89366,0.89366,
75,EUR_GBP,1499834780.0,2017-07-12 04:46:20,1,0.89374,0.89377,0.89374,0.89377,0.89383,0.89386,0.89383,0.89386,0.89366,0.89368,0.89366,0.89368,
76,EUR_GBP,1499834790.0,2017-07-12 04:46:30,1,0.89377,0.89377,0.89374,0.89374,0.89386,0.89386,0.89383,0.89383,0.89368,0.89368,0.89366,0.89366,
77,EUR_GBP,1499834795.0,2017-07-12 04:46:35,1,0.89374,0.89376,0.89374,0.89376,0.89383,0.89385,0.89383,0.89385,0.89366,0.89368,0.89366,0.89368,
78,EUR_GBP,1499834800.0,2017-07-12 04:46:40,1,0.89376,0.89378,0.89376,0.89378,0.89385,0.89387,0.89385,0.89387,0.89368,0.8937,0.89368,0.8937,
79,EUR_GBP,1499834805.0,2017-07-12 04:46:45,1,0.89378,0.89382,0.89378,0.89382,0.89387,0.8939,0.89387,0.8939,0.8937,0.89373,0.8937,0.89373,
80,EUR_GBP,1499834810.0,2017-07-12 04:46:50,1,0.89382,0.89382,0.8938,0.8938,0.8939,0.8939,0.89388,0.89388,0.89373,0.89373,0.89371,0.89371,
81,EUR_GBP,1499834820.0,2017-07-12 04:47:00,2,0.8938,0.8938,0.89375,0.89375,0.89388,0.89388,0.89384,0.89384,0.89371,0.89371,0.89366,0.89366,
82,EUR_GBP,1499834840.0,2017-07-12 04:47:20,2,0.89375,0.89375,0.8937,0.8937,0.89384,0.89384,0.89378,0.89378,0.89366,0.89366,0.89362,0.89362,
83,EUR_GBP,1499834865.0,2017-07-12 04:47:45,2,0.8937,0.89375,0.8937,0.89375,0.89378,0.89383,0.89378,0.89383,0.89362,0.89367,0.89362,0.89367,
84,EUR_GBP,1499834910.0,2017-07-12 04:48:30,1,0.89375,0.89375,0.89373,0.89373,0.89383,0.89383,0.89381,0.89381,0.89367,0.89367,0.89365,0.89365,
85,EUR_GBP,1499834950.0,2017-07-12 04:49:10,1,0.89373,0.89375,0.89373,0.89375,0.89381,0.89383,0.89381,0.89383,0.89365,0.89367,0.89365,0.89367,
86,EUR_GBP,1499834955.0,2017-07-12 04:49:15,1,0.89375,0.89375,0.89372,0.89372,0.89383,0.89383,0.89381,0.89381,0.89367,0.89367,0.89364,0.89364,
87,EUR_GBP,1499834985.0,2017-07-12 04:49:45,1,0.89372,0.89374,0.89372,0.89374,0.89381,0.89382,0.89381,0.89382,0.89364,0.89367,0.89364,0.89367,
88,EUR_GBP,1499835005.0,2017-07-12 04:50:05,2,0.89374,0.89374,0.89372,0.89374,0.89382,0.89382,0.89381,0.89382,0.89367,0.89367,0.89364,0.89367,
89,EUR_GBP,1499835025.0,2017-07-12 04:50:25,4,0.89374,0.89374,0.89366,0.89366,0.89382,0.89382,0.89375,0.89375,0.89367,0.89367,0.89357,0.89357,
90,EUR_GBP,1499835035.0,2017-07-12 04:50:35,2,0.89366,0.89366,0.89361,0.89361,0.89375,0.89375,0.8937,0.8937,0.89357,0.89357,0.89352,0.89352,
91,EUR_GBP,1499835040.0,2017-07-12 04:50:40,1,0.89361,0.89361,0.89359,0.89359,0.8937,0.8937,0.89368,0.89368,0.89352,0.89352,0.8935,0.8935,
92,EUR_GBP,1499835050.0,2017-07-12 04:50:50,3,0.89359,0.89361,0.89357,0.89357,0.89368,0.8937,0.89366,0.89366,0.8935,0.89352,0.89348,0.89348,
93,EUR_GBP,1499835105.0,2017-07-12 04:51:45,1,0.89357,0.8936,0.89357,0.8936,0.89366,0.89368,0.89366,0.89368,0.89348,0.89351,0.89348,0.89351,
94,EUR_GBP,1499835110.0,2017-07-12 04:51:50,1,0.8936,0.8936,0.89358,0.89358,0.89368,0.89368,0.89367,0.89367,0.89351,0.89351,0.89348,0.89348,
95,EUR_GBP,1499835115.0,2017-07-12 04:51:55,3,0.89358,0.89365,0.89358,0.89365,0.89367,0.89373,0.89367,0.89373,0.89348,0.89357,0.89348,0.89357,
96,EUR_GBP,1499835160.0,2017-07-12 04:52:40,2,0.89365,0.89367,0.89365,0.89365,0.89373,0.89376,0.89373,0.89374,0.89357,0.89359,0.89357,0.89357,
97,EUR_GBP,1499835290.0,2017-07-12 04:54:50,1,0.89365,0.89365,0.89363,0.89363,0.89374,0.89374,0.89372,0.89372,0.89357,0.89357,0.89355,0.89355,
98,EUR_GBP,1499835295.0,2017-07-12 04:54:55,1,0.89363,0.89366,0.89363,0.89366,0.89372,0.89374,0.89372,0.89374,0.89355,0.89358,0.89355,0.89358,
99,EUR_GBP,1499835360.0,2017-07-12 04:56:00,1,0.89366,0.89366,0.89364,0.89364,0.89374,0.89374,0.89372,0.89372,0.89358,0.89358,0.89356,0.89356,
100,EUR_GBP,1499835370.0,2017-07-12 04:56:10,2,0.89364,0.89364,0.89362,0.89364,0.89372,0.89372,0.8937,0.89372,0.89356,0.89356,0.89353,0.89356,
101,EUR_GBP,1499835375.0,2017-07-12 04:56:15,1,0.89364,0.89366,0.89364,0.89366,0.89372,0.89375,0.89372,0.89375,0.89356,0.89358,0.89356,0.89358,
102,EUR_GBP,1499835425.0,2017-07-12 04:57:05,1,0.89366,0.89366,0.89364,0.89364,0.89375,0.89375,0.89373,0.89373,0.89358,0.89358,0.89356,0.89356,
103,EUR_GBP,1499835450.0,2017-07-12 04:57:30,2,0.89364,0.89364,0.8936,0.8936,0.89373,0.89373,0.89369,0.89369,0.89356,0.89356,0.89352,0.89352,
104,EUR_GBP,1499835460.0,2017-07-12 04:57:40,3,0.8936,0.8936,0.89354,0.89354,0.89369,0.89369,0.89362,0.89362,0.89352,0.89352,0.89346,0.89346,
105,EUR_GBP,1499835530.0,2017-07-12 04:58:50,1,0.89354,0.89354,0.89352,0.89352,0.89362,0.89362,0.89361,0.89361,0.89346,0.89346,0.89343,0.89343,
106,EUR_GBP,1499835575.0,2017-07-12 04:59:35,1,0.89352,0.89354,0.89352,0.89354,0.89361,0.89362,0.89361,0.89362,0.89343,0.89346,0.89343,0.89346,
107,EUR_GBP,1499835610.0,2017-07-12 05:00:10,1,0.89354,0.89354,0.89352,0.89352,0.89362,0.89362,0.8936,0.8936,0.89346,0.89346,0.89344,0.89344,
108,EUR_GBP,1499835620.0,2017-07-12 05:00:20,1,0.89352,0.89352,0.8935,0.8935,0.8936,0.8936,0.89359,0.89359,0.89344,0.89344,0.89341,0.89341,
109,EUR_GBP,1499835625.0,2017-07-12 05:00:25,1,0.8935,0.8935,0.89348,0.89348,0.89359,0.89359,0.89356,0.89356,0.89341,0.89341,0.89339,0.89339,
110,EUR_GBP,1499835635.0,2017-07-12 05:00:35,1,0.89348,0.89348,0.89345,0.89345,0.89356,0.89356,0.89354,0.89354,0.89339,0.89339,0.89337,0.89337,
111,EUR_GBP,1499835640.0,2017-07-12 05:00:40,1,0.89345,0.89345,0.89343,0.89343,0.89354,0.89354,0.89352,0.89352,0.89337,0.89337,0.89335,0.89335,
112,EUR_GBP,1499835665.0,2017-07-12 05:01:05,2,0.89343,0.89348,0.89343,0.89348,0.89352,0.89356,0.89352,0.89356,0.89335,0.8934,0.89335,0.8934,
113,EUR_GBP,1499835670.0,2017-07-12 05:01:10,2,0.89348,0.89348,0.89343,0.89343,0.89356,0.89356,0.89352,0.89352,0.8934,0.8934,0.89335,0.89335,
114,EUR_GBP,1499835680.0,2017-07-12 05:01:20,2,0.89343,0.89343,0.89338,0.89338,0.89352,0.89352,0.89347,0.89347,0.89335,0.89335,0.8933,0.8933,
115,EUR_GBP,1499835690.0,2017-07-12 05:01:30,1,0.89338,0.89338,0.89336,0.89336,0.89347,0.89347,0.89345,0.89345,0.8933,0.8933,0.89328,0.89328,
116,EUR_GBP,1499835695.0,2017-07-12 05:01:35,1,0.89336,0.89338,0.89336,0.89338,0.89345,0.89347,0.89345,0.89347,0.89328,0.8933,0.89328,0.8933,
117,EUR_GBP,1499835710.0,2017-07-12 05:01:50,1,0.89338,0.89338,0.89336,0.89336,0.89347,0.89347,0.89346,0.89346,0.8933,0.8933,0.89327,0.89327,
118,EUR_GBP,1499835715.0,2017-07-12 05:01:55,2,0.89336,0.8934,0.89336,0.8934,0.89346,0.89349,0.89346,0.89349,0.89327,0.89332,0.89327,0.89332,
119,EUR_GBP,1499835730.0,2017-07-12 05:02:10,1,0.8934,0.8934,0.89338,0.89338,0.89349,0.89349,0.89347,0.89347,0.89332,0.89332,0.8933,0.8933,
120,EUR_GBP,1499835805.0,2017-07-12 05:03:25,1,0.89338,0.89338,0.89336,0.89336,0.89347,0.89347,0.89346,0.89346,0.8933,0.8933,0.89327,0.89327,
121,EUR_GBP,1499835835.0,2017-07-12 05:03:55,1,0.89336,0.89336,0.89334,0.89334,0.89346,0.89346,0.89343,0.89343,0.89327,0.89327,0.89325,0.89325,
122,EUR_GBP,1499835840.0,2017-07-12 05:04:00,1,0.89334,0.89336,0.89334,0.89336,0.89343,0.89345,0.89343,0.89345,0.89325,0.89328,0.89325,0.89328,
123,EUR_GBP,1499835850.0,2017-07-12 05:04:10,2,0.89336,0.8934,0.89336,0.8934,0.89345,0.89349,0.89345,0.89349,0.89328,0.89332,0.89328,0.89332,
124,EUR_GBP,1499835885.0,2017-07-12 05:04:45,3,0.8934,0.89347,0.8934,0.89347,0.89349,0.89356,0.89349,0.89356,0.89332,0.89338,0.89332,0.89338,
125,EUR_GBP,1499835900.0,2017-07-12 05:05:00,1,0.89347,0.89349,0.89347,0.89349,0.89356,0.89358,0.89356,0.89358,0.89338,0.8934,0.89338,0.8934,
126,EUR_GBP,1499835905.0,2017-07-12 05:05:05,1,0.89349,0.89351,0.89349,0.89351,0.89358,0.89359,0.89358,0.89359,0.8934,0.89343,0.8934,0.89343,
127,EUR_GBP,1499835920.0,2017-07-12 05:05:20,2,0.89351,0.89356,0.89351,0.89356,0.89359,0.89365,0.89359,0.89365,0.89343,0.89347,0.89343,0.89347,
128,EUR_GBP,1499835930.0,2017-07-12 05:05:30,3,0.89356,0.89358,0.89353,0.89353,0.89365,0.89367,0.89362,0.89362,0.89347,0.89349,0.89345,0.89345,
129,EUR_GBP,1499835935.0,2017-07-12 05:05:35,1,0.89353,0.89356,0.89353,0.89356,0.89362,0.89365,0.89362,0.89365,0.89345,0.89347,0.89345,0.89347,
130,EUR_GBP,1499835940.0,2017-07-12 05:05:40,1,0.89356,0.89356,0.89354,0.89354,0.89365,0.89365,0.89363,0.89363,0.89347,0.89347,0.89345,0.89345,
131,EUR_GBP,1499835970.0,2017-07-12 05:06:10,1,0.89354,0.89356,0.89354,0.89356,0.89363,0.89364,0.89363,0.89364,0.89345,0.89348,0.89345,0.89348,
132,EUR_GBP,1499835980.0,2017-07-12 05:06:20,2,0.89356,0.89356,0.89352,0.89352,0.89364,0.89364,0.89359,0.89359,0.89348,0.89348,0.89344,0.89344,
133,EUR_GBP,1499836025.0,2017-07-12 05:07:05,2,0.89352,0.89357,0.89352,0.89357,0.89359,0.89365,0.89359,0.89365,0.89344,0.89349,0.89344,0.89349,
134,EUR_GBP,1499836035.0,2017-07-12 05:07:15,1,0.89357,0.89359,0.89357,0.89359,0.89365,0.89367,0.89365,0.89367,0.89349,0.89352,0.89349,0.89352,
135,EUR_GBP,1499836075.0,2017-07-12 05:07:55,1,0.89359,0.89362,0.89359,0.89362,0.89367,0.8937,0.89367,0.8937,0.89352,0.89353,0.89352,0.89353,
136,EUR_GBP,1499836085.0,2017-07-12 05:08:05,1,0.89362,0.89364,0.89362,0.89364,0.8937,0.89372,0.8937,0.89372,0.89353,0.89357,0.89353,0.89357,
137,EUR_GBP,1499836100.0,2017-07-12 05:08:20,1,0.89364,0.89367,0.89364,0.89367,0.89372,0.89375,0.89372,0.89375,0.89357,0.89359,0.89357,0.89359,
138,EUR_GBP,1499836120.0,2017-07-12 05:08:40,1,0.89367,0.89367,0.89364,0.89364,0.89375,0.89375,0.89372,0.89372,0.89359,0.89359,0.89357,0.89357,
139,EUR_GBP,1499836125.0,2017-07-12 05:08:45,1,0.89364,0.89366,0.89364,0.89366,0.89372,0.89375,0.89372,0.89375,0.89357,0.89358,0.89357,0.89358,
140,EUR_GBP,1499836140.0,2017-07-12 05:09:00,1,0.89366,0.89368,0.89366,0.89368,0.89375,0.89376,0.89375,0.89376,0.89358,0.89361,0.89358,0.89361,
141,EUR_GBP,1499836150.0,2017-07-12 05:09:10,1,0.89368,0.89368,0.89366,0.89366,0.89376,0.89376,0.89375,0.89375,0.89361,0.89361,0.89358,0.89358,
142,EUR_GBP,1499836155.0,2017-07-12 05:09:15,1,0.89366,0.89369,0.89366,0.89369,0.89375,0.89377,0.89375,0.89377,0.89358,0.89361,0.89358,0.89361,
143,EUR_GBP,1499836160.0,2017-07-12 05:09:20,3,0.89369,0.89372,0.89367,0.89367,0.89377,0.8938,0.89375,0.89375,0.89361,0.89363,0.89359,0.89359,
144,EUR_GBP,1499836170.0,2017-07-12 05:09:30,2,0.89367,0.89367,0.89362,0.89362,0.89375,0.89375,0.89369,0.89369,0.89359,0.89359,0.89355,0.89355,
145,EUR_GBP,1499836185.0,2017-07-12 05:09:45,2,0.89362,0.89364,0.89362,0.89362,0.89369,0.89372,0.89369,0.89369,0.89355,0.89356,0.89355,0.89355,
146,EUR_GBP,1499836205.0,2017-07-12 05:10:05,4,0.89362,0.89362,0.89355,0.89358,0.89369,0.89369,0.89364,0.89366,0.89355,0.89355,0.89347,0.8935,
147,EUR_GBP,1499836220.0,2017-07-12 05:10:20,1,0.89358,0.89361,0.89358,0.89361,0.89366,0.89369,0.89366,0.89369,0.8935,0.89353,0.8935,0.89353,
148,EUR_GBP,1499836225.0,2017-07-12 05:10:25,2,0.89361,0.89366,0.89361,0.89366,0.89369,0.89374,0.89369,0.89374,0.89353,0.89358,0.89353,0.89358,
149,EUR_GBP,1499836240.0,2017-07-12 05:10:40,1,0.89366,0.89366,0.89363,0.89363,0.89374,0.89374,0.89371,0.89371,0.89358,0.89358,0.89356,0.89356,
150,EUR_GBP,1499836280.0,2017-07-12 05:11:20,1,0.89363,0.89363,0.89361,0.89361,0.89371,0.89371,0.89369,0.89369,0.89356,0.89356,0.89353,0.89353,
151,EUR_GBP,1499836295.0,2017-07-12 05:11:35,1,0.89361,0.89361,0.89358,0.89358,0.89369,0.89369,0.89366,0.89366,0.89353,0.89353,0.89351,0.89351,
152,EUR_GBP,1499836340.0,2017-07-12 05:12:20,1,0.89358,0.89358,0.89356,0.89356,0.89366,0.89366,0.89365,0.89365,0.89351,0.89351,0.89348,0.89348,
153,EUR_GBP,1499836345.0,2017-07-12 05:12:25,1,0.89356,0.89359,0.89356,0.89359,0.89365,0.89368,0.89365,0.89368,0.89348,0.8935,0.89348,0.8935,
154,EUR_GBP,1499836375.0,2017-07-12 05:12:55,1,0.89359,0.89359,0.89356,0.89356,0.89368,0.89368,0.89365,0.89365,0.8935,0.8935,0.89348,0.89348,
155,EUR_GBP,1499836425.0,2017-07-12 05:13:45,2,0.89356,0.89362,0.89356,0.89362,0.89365,0.89369,0.89365,0.89369,0.89348,0.89354,0.89348,0.89354,
156,EUR_GBP,1499836460.0,2017-07-12 05:14:20,1,0.89362,0.89364,0.89362,0.89364,0.89369,0.89373,0.89369,0.89373,0.89354,0.89356,0.89354,0.89356,
157,EUR_GBP,1499836465.0,2017-07-12 05:14:25,2,0.89364,0.89369,0.89364,0.89369,0.89373,0.89378,0.89373,0.89378,0.89356,0.8936,0.89356,0.8936,
158,EUR_GBP,1499836495.0,2017-07-12 05:14:55,1,0.89369,0.89369,0.89367,0.89367,0.89378,0.89378,0.89375,0.89375,0.8936,0.8936,0.89359,0.89359,
159,EUR_GBP,1499836510.0,2017-07-12 05:15:10,2,0.89367,0.89367,0.89362,0.89362,0.89375,0.89375,0.89372,0.89372,0.89359,0.89359,0.89353,0.89353,
160,EUR_GBP,1499836515.0,2017-07-12 05:15:15,2,0.89362,0.89362,0.8936,0.89362,0.89372,0.89372,0.89369,0.89371,0.89353,0.89354,0.89352,0.89354,
161,EUR_GBP,1499836520.0,2017-07-12 05:15:20,1,0.89362,0.89362,0.8936,0.8936,0.89371,0.89371,0.89368,0.89368,0.89354,0.89354,0.89352,0.89352,
162,EUR_GBP,1499836530.0,2017-07-12 05:15:30,1,0.8936,0.8936,0.89358,0.89358,0.89368,0.89368,0.89366,0.89366,0.89352,0.89352,0.89349,0.89349,
163,EUR_GBP,1499836535.0,2017-07-12 05:15:35,1,0.89358,0.89358,0.89355,0.89355,0.89366,0.89366,0.89364,0.89364,0.89349,0.89349,0.89347,0.89347,
164,EUR_GBP,1499836540.0,2017-07-12 05:15:40,2,0.89355,0.89358,0.89355,0.89355,0.89364,0.89367,0.89364,0.89364,0.89347,0.89349,0.89347,0.89347,
165,EUR_GBP,1499836545.0,2017-07-12 05:15:45,1,0.89355,0.89355,0.89353,0.89353,0.89364,0.89364,0.89362,0.89362,0.89347,0.89347,0.89345,0.89345,
166,EUR_GBP,1499836550.0,2017-07-12 05:15:50,1,0.89353,0.89353,0.89351,0.89351,0.89362,0.89362,0.8936,0.8936,0.89345,0.89345,0.89343,0.89343,
167,EUR_GBP,1499836560.0,2017-07-12 05:16:00,1,0.89351,0.89354,0.89351,0.89354,0.8936,0.89362,0.8936,0.89362,0.89343,0.89346,0.89343,0.89346,
168,EUR_GBP,1499836565.0,2017-07-12 05:16:05,1,0.89354,0.89356,0.89354,0.89356,0.89362,0.89365,0.89362,0.89365,0.89346,0.89348,0.89346,0.89348,
169,EUR_GBP,1499836570.0,2017-07-12 05:16:10,1,0.89356,0.8936,0.89356,0.8936,0.89365,0.89368,0.89365,0.89368,0.89348,0.89351,0.89348,0.89351,
170,EUR_GBP,1499836595.0,2017-07-12 05:16:35,1,0.8936,0.89362,0.8936,0.89362,0.89368,0.8937,0.89368,0.8937,0.89351,0.89354,0.89351,0.89354,
171,EUR_GBP,1499836765.0,2017-07-12 05:19:25,1,0.89362,0.89362,0.8936,0.8936,0.8937,0.8937,0.89368,0.89368,0.89354,0.89354,0.89351,0.89351,
172,EUR_GBP,1499836785.0,2017-07-12 05:19:45,1,0.8936,0.8936,0.89357,0.89357,0.89368,0.89368,0.89366,0.89366,0.89351,0.89351,0.89348,0.89348,
173,EUR_GBP,1499836790.0,2017-07-12 05:19:50,2,0.89357,0.89362,0.89357,0.89362,0.89366,0.8937,0.89366,0.8937,0.89348,0.89353,0.89348,0.89353,
174,EUR_GBP,1499836810.0,2017-07-12 05:20:10,2,0.89362,0.89362,0.8936,0.89362,0.8937,0.8937,0.89368,0.8937,0.89353,0.89353,0.89351,0.89353,
175,EUR_GBP,1499836825.0,2017-07-12 05:20:25,1,0.89362,0.89364,0.89362,0.89364,0.8937,0.89373,0.8937,0.89373,0.89353,0.89356,0.89353,0.89356,
176,EUR_GBP,1499836850.0,2017-07-12 05:20:50,2,0.89364,0.89368,0.89364,0.89368,0.89373,0.89378,0.89373,0.89378,0.89356,0.89359,0.89356,0.89359,
177,EUR_GBP,1499836855.0,2017-07-12 05:20:55,2,0.89368,0.89368,0.89366,0.89368,0.89378,0.89378,0.89375,0.89376,0.89359,0.89361,0.89358,0.89361,
178,EUR_GBP,1499836880.0,2017-07-12 05:21:20,2,0.89368,0.89373,0.89368,0.89373,0.89376,0.89381,0.89376,0.89381,0.89361,0.89365,0.89361,0.89365,
179,EUR_GBP,1499836885.0,2017-07-12 05:21:25,1,0.89373,0.89373,0.89371,0.89371,0.89381,0.89381,0.89379,0.89379,0.89365,0.89365,0.89363,0.89363,
180,EUR_GBP,1499836890.0,2017-07-12 05:21:30,3,0.89371,0.89373,0.89368,0.89368,0.89379,0.89381,0.89377,0.89377,0.89363,0.89365,0.8936,0.8936,
181,EUR_GBP,1499836910.0,2017-07-12 05:21:50,2,0.89368,0.89368,0.89363,0.89363,0.89377,0.89377,0.89372,0.89372,0.8936,0.8936,0.89355,0.89355,
182,EUR_GBP,1499836975.0,2017-07-12 05:22:55,2,0.89363,0.89363,0.89359,0.89359,0.89372,0.89372,0.89367,0.89367,0.89355,0.89355,0.89351,0.89351,
183,EUR_GBP,1499837010.0,2017-07-12 05:23:30,1,0.89359,0.89359,0.89357,0.89357,0.89367,0.89367,0.89365,0.89365,0.89351,0.89351,0.89349,0.89349,
184,EUR_GBP,1499837025.0,2017-07-12 05:23:45,2,0.89357,0.8936,0.89357,0.89358,0.89365,0.89368,0.89365,0.89366,0.89349,0.89351,0.89349,0.89349,
185,EUR_GBP,1499837040.0,2017-07-12 05:24:00,1,0.89358,0.89358,0.89355,0.89355,0.89366,0.89366,0.89364,0.89364,0.89349,0.89349,0.89347,0.89347,
186,EUR_GBP,1499837080.0,2017-07-12 05:24:40,1,0.89355,0.89358,0.89355,0.89358,0.89364,0.89366,0.89364,0.89366,0.89347,0.89349,0.89347,0.89349,
187,EUR_GBP,1499837100.0,2017-07-12 05:25:00,2,0.89358,0.89358,0.89353,0.89353,0.89366,0.89366,0.89362,0.89362,0.89349,0.89349,0.89344,0.89344,
188,EUR_GBP,1499837105.0,2017-07-12 05:25:05,1,0.89353,0.89355,0.89353,0.89355,0.89362,0.89364,0.89362,0.89364,0.89344,0.89347,0.89344,0.89347,
189,EUR_GBP,1499837120.0,2017-07-12 05:25:20,1,0.89355,0.89355,0.89353,0.89353,0.89364,0.89364,0.89362,0.89362,0.89347,0.89347,0.89345,0.89345,
190,EUR_GBP,1499837165.0,2017-07-12 05:26:05,1,0.89353,0.89353,0.89351,0.89351,0.89362,0.89362,0.8936,0.8936,0.89345,0.89345,0.89343,0.89343,
191,EUR_GBP,1499837215.0,2017-07-12 05:26:55,1,0.89351,0.89351,0.89349,0.89349,0.8936,0.8936,0.89357,0.89357,0.89343,0.89343,0.89341,0.89341,
192,EUR_GBP,1499837310.0,2017-07-12 05:28:30,1,0.89349,0.89349,0.89346,0.89346,0.89357,0.89357,0.89355,0.89355,0.89341,0.89341,0.89338,0.89338,
193,EUR_GBP,1499837315.0,2017-07-12 05:28:35,1,0.89346,0.89346,0.89343,0.89343,0.89355,0.89355,0.89353,0.89353,0.89338,0.89338,0.89334,0.89334,
194,EUR_GBP,1499837340.0,2017-07-12 05:29:00,1,0.89343,0.89343,0.89341,0.89341,0.89353,0.89353,0.8935,0.8935,0.89334,0.89334,0.89333,0.89333,
195,EUR_GBP,1499837350.0,2017-07-12 05:29:10,2,0.89341,0.89341,0.89337,0.89337,0.8935,0.8935,0.89346,0.89346,0.89333,0.89333,0.89328,0.89328,
196,EUR_GBP,1499837375.0,2017-07-12 05:29:35,3,0.89337,0.89337,0.8933,0.8933,0.89346,0.89346,0.89339,0.89339,0.89328,0.89328,0.89322,0.89322,
197,EUR_GBP,1499837380.0,2017-07-12 05:29:40,1,0.8933,0.8933,0.89328,0.89328,0.89339,0.89339,0.89337,0.89337,0.89322,0.89322,0.89319,0.89319,
198,EUR_GBP,1499837390.0,2017-07-12 05:29:50,3,0.89328,0.89328,0.89323,0.89325,0.89337,0.89337,0.89331,0.89333,0.89319,0.89319,0.89315,0.89318,
199,EUR_GBP,1499837395.0,2017-07-12 05:29:55,5,0.89325,0.89334,0.89325,0.89332,0.89333,0.89343,0.89333,0.89341,0.89318,0.89326,0.89318,0.89324,
200,EUR_GBP,1499837400.0,2017-07-12 05:30:00,3,0.89332,0.89332,0.89326,0.89326,0.89341,0.89341,0.89336,0.89336,0.89324,0.89324,0.89317,0.89317,
